@misc{javaee6,
    author = "Eric Jendrock and Ricardo Cervera-Navarro and Ian Evans and Devika Gollapudi and Kim Haase and William Markito and Chinmayee Srivathsa",
    title  = "The Java EE 6 Tutorial",
    year   = "2013",
    url    = "http://docs.oracle.com/javaee/6/tutorial/doc/index.html",
    note   = "[Acesso em 21/02/2017]"
},

@misc{javaee7,
    author = "Eric Jendrock and Ricardo Cervera-Navarro and Ian Evans and Kim Haase and William Markito",
    title  = "Java Platform, Enterprise Edition: The Java EE Tutorial",
    year   = "2014",
    url    = "https://docs.oracle.com/javaee/7/tutorial/",
    note   = "[Acesso em 22/02/2017]"
},

@misc{lhotka,
    author = "Rockford Lhotka",
    title  = "Should all apps be n-tier?",
    year   = "2005",
    url    = "http://www.lhotka.net/weblog/ShouldAllAppsBeNtier.aspx",
    note   = "[Acesso em 23/02/2017]"
}
